<record><leader>00000cas a22000007a 4500</leader><controlfield tag="001">21266572</controlfield><controlfield tag="008">900326d19681982mnuwr ne      0    0eng d</controlfield><datafield ind1=" " ind2=" " tag="010"><subfield code="a">sn 90059073 </subfield></datafield><datafield ind1=" " ind2=" " tag="040"><subfield code="a">MN#</subfield><subfield code="b">eng</subfield><subfield code="c">MN#</subfield><subfield code="d">OCLCQ</subfield><subfield code="d">OCLCF</subfield><subfield code="d">OCLCO</subfield></datafield><datafield ind1=" " ind2=" " tag="042"><subfield code="a">msc</subfield></datafield><datafield ind1=" " ind2=" " tag="043"><subfield code="a">n-us-mn</subfield></datafield><datafield ind1=" " ind2=" " tag="052"><subfield code="a">4144</subfield><subfield code="b">C6</subfield></datafield><datafield ind1=" " ind2=" " tag="052"><subfield code="a">4143</subfield><subfield code="b">C2</subfield></datafield><datafield ind1="0" ind2="0" tag="245"><subfield code="a">Cloquet pine knot.</subfield></datafield><datafield ind1=" " ind2=" " tag="260"><subfield code="a">Cloquet, Minn. :</subfield><subfield code="b">Cloquet Publications,</subfield><subfield code="c">1968-1982.</subfield></datafield><datafield ind1=" " ind2=" " tag="300"><subfield code="a">16 v.</subfield></datafield><datafield ind1=" " ind2=" " tag="310"><subfield code="a">Weekly</subfield></datafield><datafield ind1="0" ind2=" " tag="362"><subfield code="a">Vol. 84, no. 28 (Aug. 1, 1968)-v. 99, no. 21 (May 27, 1982).</subfield></datafield><datafield ind1=" " ind2=" " tag="530"><subfield code="a">Available on microfilm from the Minnesota Historical Society.</subfield></datafield><datafield ind1=" " ind2="0" tag="651"><subfield code="a">Cloquet (Minn.)</subfield><subfield code="v">Newspapers.</subfield></datafield><datafield ind1=" " ind2="7" tag="655"><subfield code="a">Newspapers.</subfield><subfield code="2">fast</subfield><subfield code="0">(OCoLC)fst01423814</subfield></datafield><datafield ind1=" " ind2="7" tag="651"><subfield code="a">Minnesota</subfield><subfield code="z">Cloquet.</subfield><subfield code="2">fast</subfield><subfield code="0">(OCoLC)fst01230475</subfield></datafield><datafield ind1=" " ind2=" " tag="752"><subfield code="a">United States</subfield><subfield code="b">Minnesota</subfield><subfield code="c">Carlton</subfield><subfield code="d">Cloquet.</subfield></datafield><datafield ind1="0" ind2="0" tag="780"><subfield code="t">Cloquet pine knot news graphic</subfield><subfield code="w">(DLC)sn 90059072</subfield></datafield><datafield ind1="0" ind2="7" tag="785"><subfield code="t">Cloquet billboard</subfield></datafield><datafield ind1="0" ind2="7" tag="785"><subfield code="t">Cloquet pine knot-billboard</subfield><subfield code="w">(DLC)sn 82005166</subfield></datafield></record>